{
  "leader": "03721cas a2200721 a 4500",
  "fields": [
    {
      "001": "ocm01664336\\"
    },
    {
      "003": "OCoLC"
    },
    {
      "005": "20220712144219.0"
    },
    {
      "008": "750930c19349999mduqr\\p\\\\\\\\\\\\\\0\\\\\\a0eng\\c"
    },
    {
      "010": {
        "ind1": "\\",
        "ind2": "\\",
        "subfields": [
          {
            "a": "   35009665 "
          }
        ]
      }
    },
    {
      "040": {
        "ind1": "\\",
        "ind2": "\\",
        "subfields": [
          {
            "a": "DRB"
          },
          {
            "b": "eng"
          },
          {
            "c": "DRB"
          },
          {
            "d": "COO"
          },
          {
            "d": "NSD"
          },
          {
            "d": "DLC"
          },
          {
            "d": "NSD"
          },
          {
            "d": "OCL"
          },
          {
            "d": "NST"
          },
          {
            "d": "RCS"
          },
          {
            "d": "AIP"
          },
          {
            "d": "NSD"
          },
          {
            "d": "AIP"
          },
          {
            "d": "HUL"
          },
          {
            "d": "AIP"
          },
          {
            "d": "DLC"
          },
          {
            "d": "OCL"
          },
          {
            "d": "DLC"
          },
          {
            "d": "NSD"
          },
          {
            "d": "NST"
          },
          {
            "d": "DLC"
          },
          {
            "d": "IUL"
          },
          {
            "d": "SYS"
          },
          {
            "d": "GUA"
          },
          {
            "d": "WAU"
          },
          {
            "d": "DLC"
          },
          {
            "d": "NLM"
          },
          {
            "d": "OCLCQ"
          },
          {
            "d": "DLC"
          },
          {
            "d": "NLGGC"
          },
          {
            "d": "LVB"
          },
          {
            "d": "MYG"
          },
          {
            "d": "NYDWH"
          },
          {
            "d": "NSD"
          },
          {
            "d": "ZP2"
          },
          {
            "d": "OCLCQ"
          },
          {
            "d": "EYM"
          },
          {
            "d": "UKMGB"
          },
          {
            "d": "TULIB"
          },
          {
            "d": "DLC"
          },
          {
            "d": "KMS"
          },
          {
            "d": "OCLCF"
          },
          {
            "d": "OCLCO"
          },
          {
            "d": "DLC"
          },
          {
            "d": "CUS"
          },
          {
            "d": "OCLCO"
          },
          {
            "d": "OCLCQ"
          },
          {
            "d": "OCLCO"
          },
          {
            "d": "OCLCQ"
          },
          {
            "d": "QE2"
          },
          {
            "d": "OCLCO"
          },
          {
            "d": "OCLCA"
          },
          {
            "d": "OCLCQ"
          },
          {
            "d": "IOG"
          },
          {
            "d": "GILDS"
          },
          {
            "d": "OCLCO"
          },
          {
            "d": "OCLCQ"
          },
          {
            "d": "CNO"
          },
          {
            "d": "NLC"
          },
          {
            "d": "OCLCQ"
          },
          {
            "d": "COBAS"
          },
          {
            "d": "OCLCQ"
          },
          {
            "d": "HTM"
          },
          {
            "d": "OCLCQ"
          },
          {
            "d": "OCLCO"
          },
          {
            "d": "OCLCA"
          },
          {
            "d": "OCLCQ"
          },
          {
            "d": "OCLCO"
          },
          {
            "d": "IL4J6"
          }
        ]
      }
    },
    {
      "012": {
        "ind1": "\\",
        "ind2": "\\",
        "subfields": [
          {
            "a": "3"
          },
          {
            "b": "3"
          },
          {
            "e": "n"
          },
          {
            "k": "1"
          },
          {
            "m": "1"
          }
        ]
      }
    },
    {
      "016": {
        "ind1": "\\",
        "ind2": "\\",
        "subfields": [
          {
            "a": "(AMICUS)000000090274"
          }
        ]
      }
    },
    {
      "016": {
        "ind1": "7",
        "ind2": "\\",
        "subfields": [
          {
            "a": "20810180R"
          },
          {
            "2": "DNLM"
          }
        ]
      }
    },
    {
      "016": {
        "ind1": "7",
        "ind2": "\\",
        "subfields": [
          {
            "a": "S28640000"
          },
          {
            "2": "DNLM"
          }
        ]
      }
    },
    {
      "016": {
        "ind1": "7",
        "ind2": "\\",
        "subfields": [
          {
            "a": "009878650"
          },
          {
            "2": "Uk"
          }
        ]
      }
    },
    {
      "019": {
        "ind1": "\\",
        "ind2": "\\",
        "subfields": [
          {
            "a": "1204168"
          },
          {
            "a": "1765688"
          },
          {
            "a": "264966897"
          },
          {
            "a": "321013515"
          },
          {
            "a": "976477577"
          },
          {
            "a": "1033192688"
          },
          {
            "a": "1043983071"
          },
          {
            "a": "1054975262"
          },
          {
            "a": "1056268401"
          },
          {
            "a": "1081060091"
          },
          {
            "a": "1108408261"
          },
          {
            "a": "1114263699"
          },
          {
            "a": "1131919028"
          },
          {
            "a": "1192409035"
          },
          {
            "a": "1200986856"
          },
          {
            "a": "1201895999"
          },
          {
            "a": "1201996685"
          }
        ]
      }
    },
    {
      "022": {
        "ind1": "\\",
        "ind2": "\\",
        "subfields": [
          {
            "a": "0037-783X"
          },
          {
            "l": "0037-783X"
          },
          {
            "2": "1"
          }
        ]
      }
    },
    {
      "032": {
        "ind1": "\\",
        "ind2": "\\",
        "subfields": [
          {
            "a": "834560"
          },
          {
            "b": "USPS"
          }
        ]
      }
    },
    {
      "035": {
        "ind1": "\\",
        "ind2": "\\",
        "subfields": [
          {
            "a": "(OCoLC)1664336"
          },
          {
            "z": "(OCoLC)1204168"
          },
          {
            "z": "(OCoLC)1765688"
          },
          {
            "z": "(OCoLC)264966897"
          },
          {
            "z": "(OCoLC)321013515"
          },
          {
            "z": "(OCoLC)976477577"
          },
          {
            "z": "(OCoLC)1033192688"
          },
          {
            "z": "(OCoLC)1043983071"
          },
          {
            "z": "(OCoLC)1054975262"
          },
          {
            "z": "(OCoLC)1056268401"
          },
          {
            "z": "(OCoLC)1081060091"
          },
          {
            "z": "(OCoLC)1108408261"
          },
          {
            "z": "(OCoLC)1114263699"
          },
          {
            "z": "(OCoLC)1131919028"
          },
          {
            "z": "(OCoLC)1192409035"
          },
          {
            "z": "(OCoLC)1200986856"
          },
          {
            "z": "(OCoLC)1201895999"
          },
          {
            "z": "(OCoLC)1201996685"
          }
        ]
      }
    },
    {
      "042": {
        "ind1": "\\",
        "ind2": "\\",
        "subfields": [
          {
            "a": "nsdp"
          },
          {
            "a": "pcc"
          }
        ]
      }
    },
    {
      "050": {
        "ind1": "0",
        "ind2": "0",
        "subfields": [
          {
            "a": "H1"
          },
          {
            "b": ".S53"
          }
        ]
      }
    },
    {
      "060": {
        "ind1": "0",
        "ind2": "0",
        "subfields": [
          {
            "a": "W1"
          },
          {
            "b": "SO125"
          }
        ]
      }
    },
    {
      "082": {
        "ind1": "0",
        "ind2": "4",
        "subfields": [
          {
            "a": "300"
          },
          {
            "b": "SOC"
          }
        ]
      }
    },
    {
      "210": {
        "ind1": "0",
        "ind2": "\\",
        "subfields": [
          {
            "a": "Soc. res."
          }
        ]
      }
    },
    {
      "222": {
        "ind1": "\\",
        "ind2": "0",
        "subfields": [
          {
            "a": "Social research"
          }
        ]
      }
    },
    {
      "245": {
        "ind1": "0",
        "ind2": "0",
        "subfields": [
          {
            "a": "Social research."
          }
        ]
      }
    },
    {
      "260": {
        "ind1": "\\",
        "ind2": "\\",
        "subfields": [
          {
            "a": "New York :"
          },
          {
            "b": "Graduate Faculty of Political and Social Science, New School for Social Research,"
          },
          {
            "c": "1934-"
          }
        ]
      }
    },
    {
      "260": {
        "ind1": "3",
        "ind2": "\\",
        "subfields": [
          {
            "3": "<2013-> :"
          },
          {
            "a": "Baltimore, MD :"
          },
          {
            "b": "John Hopkins University Press"
          }
        ]
      }
    },
    {
      "300": {
        "ind1": "\\",
        "ind2": "\\",
        "subfields": [
          {
            "a": "volumes :"
          },
          {
            "b": "illustrations ;"
          },
          {
            "c": "24 cm"
          }
        ]
      }
    },
    {
      "310": {
        "ind1": "\\",
        "ind2": "\\",
        "subfields": [
          {
            "a": "Quarterly,"
          },
          {
            "b": "v. 71, no. 1 (spring 2004)-"
          }
        ]
      }
    },
    {
      "321": {
        "ind1": "\\",
        "ind2": "\\",
        "subfields": [
          {
            "a": "Annual"
          }
        ]
      }
    },
    {
      "336": {
        "ind1": "\\",
        "ind2": "\\",
        "subfields": [
          {
            "a": "text"
          },
          {
            "b": "txt"
          },
          {
            "2": "rdacontent"
          }
        ]
      }
    },
    {
      "337": {
        "ind1": "\\",
        "ind2": "\\",
        "subfields": [
          {
            "a": "unmediated"
          },
          {
            "b": "n"
          },
          {
            "2": "rdamedia"
          }
        ]
      }
    },
    {
      "338": {
        "ind1": "\\",
        "ind2": "\\",
        "subfields": [
          {
            "a": "volume"
          },
          {
            "b": "nc"
          },
          {
            "2": "rdacarrier"
          }
        ]
      }
    },
    {
      "362": {
        "ind1": "0",
        "ind2": "\\",
        "subfields": [
          {
            "a": "Vol. 1, no. 1 (Feb. 1934)-"
          }
        ]
      }
    },
    {
      "500": {
        "ind1": "\\",
        "ind2": "\\",
        "subfields": [
          {
            "a": "Issues also have a theme title."
          }
        ]
      }
    },
    {
      "500": {
        "ind1": "\\",
        "ind2": "\\",
        "subfields": [
          {
            "a": "\"An international quarterly of the social sciences.\""
          }
        ]
      }
    },
    {
      "500": {
        "ind1": "\\",
        "ind2": "\\",
        "subfields": [
          {
            "a": "An international quarterly, <winter 2013->."
          }
        ]
      }
    },
    {
      "500": {
        "ind1": "\\",
        "ind2": "\\",
        "subfields": [
          {
            "a": "Includes section \"Book reviews and notes.\""
          }
        ]
      }
    },
    {
      "530": {
        "ind1": "\\",
        "ind2": "\\",
        "subfields": [
          {
            "a": "Also issued on microfilm by UMI."
          }
        ]
      }
    },
    {
      "550": {
        "ind1": "\\",
        "ind2": "\\",
        "subfields": [
          {
            "a": "Issued 1997- by: Graduate Faculty of Political and Social Science, New School University."
          }
        ]
      }
    },
    {
      "588": {
        "ind1": "\\",
        "ind2": "\\",
        "subfields": [
          {
            "a": "Latest issue consulted: Vol. 80, no. 4 (winter 2013) (surrogate)."
          }
        ]
      }
    },
    {
      "650": {
        "ind1": "\\",
        "ind2": "0",
        "subfields": [
          {
            "a": "Social sciences"
          },
          {
            "v": "Periodicals."
          }
        ]
      }
    },
    {
      "650": {
        "ind1": "\\",
        "ind2": "2",
        "subfields": [
          {
            "a": "Politics."
          }
        ]
      }
    },
    {
      "650": {
        "ind1": "\\",
        "ind2": "2",
        "subfields": [
          {
            "a": "Social Sciences."
          }
        ]
      }
    },
    {
      "650": {
        "ind1": "\\",
        "ind2": "7",
        "subfields": [
          {
            "a": "Social sciences."
          },
          {
            "2": "fast"
          },
          {
            "0": "(OCoLC)fst01122877"
          }
        ]
      }
    },
    {
      "655": {
        "ind1": "\\",
        "ind2": "2",
        "subfields": [
          {
            "a": "Periodical."
          }
        ]
      }
    },
    {
      "655": {
        "ind1": "\\",
        "ind2": "7",
        "subfields": [
          {
            "a": "Periodicals."
          },
          {
            "2": "fast"
          },
          {
            "0": "(OCoLC)fst01411641"
          }
        ]
      }
    },
    {
      "655": {
        "ind1": "\\",
        "ind2": "7",
        "subfields": [
          {
            "a": "Periodicals."
          },
          {
            "2": "lcgft"
          }
        ]
      }
    },
    {
      "710": {
        "ind1": "2",
        "ind2": "\\",
        "subfields": [
          {
            "a": "New School for Social Research (New York, N.Y. : 1919-1997)."
          },
          {
            "b": "Graduate Faculty of Political and Social Science."
          }
        ]
      }
    },
    {
      "710": {
        "ind1": "2",
        "ind2": "\\",
        "subfields": [
          {
            "a": "New School University."
          },
          {
            "b": "Graduate Faculty of Political and Social Science."
          }
        ]
      }
    },
    {
      "776": {
        "ind1": "1",
        "ind2": "\\",
        "subfields": [
          {
            "c": "Microfilm"
          },
          {
            "d": "UMI"
          },
          {
            "w": "(DLC)sf 86091439"
          },
          {
            "w": "(OCoLC)13079975"
          }
        ]
      }
    },
    {
      "776": {
        "ind1": "0",
        "ind2": "8",
        "subfields": [
          {
            "i": "Online version:"
          },
          {
            "t": "Social research (Online)"
          },
          {
            "x": "1944-768X"
          },
          {
            "w": "(DLC)  2008212224"
          },
          {
            "w": "(OCoLC)60621210"
          }
        ]
      }
    },
    {
      "850": {
        "ind1": "\\",
        "ind2": "\\",
        "subfields": [
          {
            "a": "CU-Riv"
          },
          {
            "a": "CaMWUC"
          },
          {
            "a": "DLC"
          },
          {
            "a": "InU"
          },
          {
            "a": "MH-KG"
          }
        ]
      }
    },
    {
      "856": {
        "ind1": "4",
        "ind2": "1",
        "subfields": [
          {
            "u": "http://muse.jhu.edu/journals/social_research"
          }
        ]
      }
    },
    {
      "856": {
        "ind1": "4",
        "ind2": "1",
        "subfields": [
          {
            "u": "http://www.metapress.com/openurl.asp?genre=journal&issn=0037-783X"
          }
        ]
      }
    },
    {
      "856": {
        "ind1": "4",
        "ind2": "1",
        "subfields": [
          {
            "u": "http://www.jstor.org/action/showPublication?journalCode=socialresearch"
          }
        ]
      }
    },
    {
      "891": {
        "ind1": "3",
        "ind2": "3",
        "subfields": [
          {
            "9": "853"
          },
          {
            "8": "2"
          },
          {
            "a": "v."
          },
          {
            "b": "no."
          },
          {
            "u": "4"
          },
          {
            "v": "r"
          },
          {
            "i": "(year)"
          },
          {
            "j": "(season)"
          },
          {
            "w": "q"
          },
          {
            "x": "21"
          }
        ]
      }
    },
    {
      "891": {
        "ind1": "4",
        "ind2": "0",
        "subfields": [
          {
            "9": "863"
          },
          {
            "8": "2.1"
          },
          {
            "a": "<68>"
          },
          {
            "b": "<1>"
          },
          {
            "i": "<2001>"
          },
          {
            "j": "<21>"
          }
        ]
      }
    },
    {
      "994": {
        "ind1": "\\",
        "ind2": "\\",
        "subfields": [
          {
            "a": "Z0"
          },
          {
            "b": "NYRVC"
          }
        ]
      }
    },
    {
      "948": {
        "ind1": "\\",
        "ind2": "\\",
        "subfields": [
          {
            "h": "NO HOLDINGS IN NYRVC - 760 OTHER HOLDINGS"
          }
        ]
      }
    },
    {
      "999": {
        "ind1": "\\",
        "ind2": "\\",
        "subfields": [
          {
            "a": "00000000021408"
          },
          {
            "v": "Volume 80, no. 2"
          }
        ]
      }
    }
  ]
}